
@misc{ mptcp,
       author = "C. Paasch, S. Barre, et al.",
       title = "Multipath TCP in the Linux Kernel, available from http://www.multipath-tcp.org",
       year = "2014"}
       
@misc{ Nobody06,
       author = "Nobody Jr",
       title = "My Article",
       year = "2006" }