
@misc{ mptcp,
       author = "C. Paasch, S. Barre, et al.",
       title = "Multipath TCP in the Linux Kernel",
       howpublished = "http://www.multipath-tcp.org",
       year = "2014"}
       
@misc{ 	mpwireshark,
		author = "Andrei Maruseac",
		title = "Multipath TCP Patch to packet-tcp.c",
		howpublished = "https://bugs.wireshark.org/bugzilla/show\_bug.cgi?id=6705",
		year = "2012"}
		
@misc{	wireshark,
		author = "Gerald Combs, et al. ",
		title = "Wireshark",
		howpublished = "https://www.wireshark.org/"}
		
		
@misc{	mptcpdump,
		author = "Gregory Detal",
		title = "TCPdump network dissector - extended for MultiPath TCP",
		howpublished = "https://github.com/multipath-tcp/tcpdump",
		year = "2013"}
		

@misc{	tcpdump,
		author = "The Tcpdump Group",
		title = "TCPdump network dissector",
		howpublished = "http://www.tcpdump.org/"}
		
@misc{	scapy,
		author = "secdev",
		title = "Scapy",
		howpublished = "http://www.secdev.org/projects/scapy/"}
		
@misc{	mpscapy,
		author = "Nicolas Ma√Ætre",
		title = "mptcp-scapy",
		howpublished = "https://github.com/nimai/mptcp-scapy"}
		
@misc{	bro,
		author = "Vern Paxson, Robin Sommer, et al.",
		title = "Bro",
		howpublished = "http://www.bro.org"}
		
@misc{	rfc6824,
		author = {A. Ford, C. Raiciu, M. Handley, O. Bonaventure},
		title = {TCP Extensions for Multipath Operation with Multiple Addresses},
		howpublished = "https://tools.ietf.org/html/rfc6824",
		year = {2013}
		}
		
@misc{  amiusing,
		author = {Matt Layher},
		title = {Am I using MPTCP?},
		howpublished = "https://amiusingmptcp.com/",
		year = {2013}
		}
		
@misc{ 	memusg,
		author = {Jaeho Shin},
		title = {memusg},
		howpublished = {https://gist.github.com/netj/526585},
		year = {2010}
		}
		
@misc{	synflood,
		author= {Vern Paxson},
		title = {synflood.bro},
		howpublished = {http://www.filewatcher.com/p/bro-1.5.1.tar.gz.4327064/bro-1.5.1/policy/synflood.bro.html},
		year = {2007}
		}